@article{palamin1988a,			  		  
author={Palamin, Jean-Pierre and  Palamin, Philippe and  Ronveaux, Andr\'{e}},					  
journal={Journal of the Audio Engineering Society}, 					  
title={A method of generating and controlling musical asymmetrical spectra}, 					  
year={1988},					  
volume={36},					  
number={9},					  
pages={671-685}
}	


					
@inproceedings{DDX7,
author={Franco Caspe and Andrew McPherson and Mark Sandler},
title={[DDX7: Differentiable {FM} synthesis of musical instrument
sounds},
booktitle={Proceedings of the 23rd ISMIR Conference},
address={Bengaluru, India},
year= {2022},
pages={608-615}
}


@article{Waadeland,
author = { Carl Haakon  Waadeland },
title = {{``It Don't Mean a Thing If It Ain't Got that Swing"} Simulating Expressive Timing by Modulated Movements},
journal = {Journal of New Music Research},
volume = {30},
number = {1},
pages = {23-37},
year  = {2001},
publisher = {Routledge},
doi = {10.1076/jnmr.30.1.23.7123}
}

@article{Horner1998,
author = {Horner, Andrew},
year = {1998},
month = {08},
pages = {398 - 409},
title = {Nested modulator and feedback FM matching of instrument tones},
volume = {6},
journal = {Speech and Audio Processing, IEEE Transactions on},
doi = {10.1109/89.701371}
}

@article{Horner1996,
 ISSN = {01489267, 15315169},
 URL = {http://www.jstor.org/stable/3681332},
 author = {Andrew Horner},
 journal = {Computer Music Journal},
 number = {2},
 pages = {57--71},
 publisher = {The MIT Press},
 title = {Double-Modulator FM Matching of Instrument Tones},
 urldate = {2023-05-24},
 volume = {20},
 year = {1996}
}

@article{Horner1997,
 ISSN = {01489267, 15315169},
 URL = {http://www.jstor.org/stable/3680541},
 author = {Andrew Horner and James Beauchamp and Lippold Haken},
 journal = {Computer Music Journal},
 number = {4},
 pages = {17--29},
 publisher = {The MIT Press},
 title = {Machine Tongues XVI: Genetic Algorithms and Their Application to FM Matching Synthesis},
 urldate = {2023-05-24},
 volume = {17},
 year = {1993}
}




@article{Gabor,
  Author         = {D Gabor},
  Title          = {Theory of Communication},
  Journal        = {Journal of the Institution of Electrical Engineers - Part III: Radio and Communication Engineering},
  Volume         =  {93}, 
  number = {26},
  Pages          = {429-457},
  year           = 1940
}

 @inproceedings{LazzariniTimoney2021,
 author={Victor Lazzarini and Joseph Timoney},
 title={Modulation Synthesis in Digital and Analogue Computing Environments},
 booktitle={Proceedings of the 11th Ubiquitous Music Workshop},
 address={Porto, Portugal},
 year={2021},
 pages={104-116}
 }

@article{Tenney1964,
title = {Computer Music Experiences, 1961--1964},
journal={Electronic Music Reports},
volume ={1},
pages={23-60},
year={1969},
author={James Tenney}
}


@article{Mitsuhashi,
author={Y. Mitsuhashi},
journal={Journal of the Audio Engineering Society},
title={Musical Sound Synthesis by Forward Differences},
year={1982},
volume={30},
number={1/2},
pages={1-9}
}

@book{Benson,
title = {Music, A Mathematical Offering},
author={D. Benson},
publisher={Oxford University Press},
year={2008}
}

 @inproceedings{Loopback,
 author={Tamara Smyth and Jennifer S. Hsu},
 title={On Phase and Pitch in Loopback Frequency Modulation 
 with a Time-Varying Feedback Coefficient},
 booktitle={Proceedings of the 26th International Congress on Sound and Vibration},
 address={Montreal, Canada},
 year={2019},
 pages={1-8}
 }
 
 
 @article{VAreview,
author= {Pakarinen, J. and Valimaki, V.  and Fontana, F. and Lazzarini, V.  and Abel, J.},
year = {2011},
title={Recent Advances in Real-Time Musical Effects, Synthesis, and
Virtual Analog Models},
Journal={Eurasip Journal On Advances In Signal
Processing}, 
volume = {2011:940784},
pages= {1-15}
}
 
 @misc{libsrc,
 author={Erik de Castro Lopo},
 title={Secret Rabbit Code},
 note={\url{https://libsndfile.github.io/libsamplerate/index.html}, accessed 17/5/2023},
 year={2023}
 }
 
  @inproceedings{Smyth,
 author={Tamara Smyth},
 title={On the Similarity between Feedback/Loopback Amplitude and Frequency Modulation},
 booktitle={Proceedings of the 147th AES Convention},
 addres={New York},
 year={2019},
 pages={1-7}
 }

@incollection{PinkstonFM,
author={Russel Pinkston},
title={FM Synthesis in Csound},
booktitle={The Csound Book},
publisher={MIT Press},
address={Cambridge, MA},
pages={261-280},
year={2000}
}

@phdthesis{Hsu,
  author = {Jennifer Hsu}, 
  title= {Physically-informed Percussion Synthesis with Nonlinearities for Real-time Applications},
  school  = {University of California San Diego},
  year = {2019}
}

@ARTICLE{Lazzarini2023,
  
AUTHOR={Lazzarini, Victor and Keller, Dami\'{a}n and Radivojevi\'{c}, Nemanja},   
	 
TITLE={Issues of ubiquitous music archaeology: Shared knowledge, simulation, terseness, and ambiguity in early computer music},      
	
JOURNAL={Frontiers in Signal Processing},      
	
VOLUME={3},           
	
YEAR={2023},      
	  
URL={https://www.frontiersin.org/articles/10.3389/frsip.2023.1132672},       
	
DOI={10.3389/frsip.2023.1132672},      
	
ISSN={2673-8198},   
   
ABSTRACT={The reconstruction of tools and artworks belonging to the origins of music computing unveils the dynamics of distributed knowledge underlying some of the major breakthroughs that took place during the analogue-digital transition of the 1950s and 1960s. We document the implementation of two musical replicas, the Computer Suite for Little Boy and For Ann (Rising). Our archaeological ubiquitous-music methods yield fresh insights on both convergences and contradictions implicit in the creation of cutting-edge technologies, pointing to design qualities such as terseness and ambiguity. Through new renditions of historically significant artefacts, enabled by the recovery of artistic first-hand sources and of one of the early computer music environments, MUSIC V, we explore the emergence of exploratory simulations of new musical worlds.}
}

@book{Lazzarini,
author={V. Lazzarini},
title={Spectral Music Design: A Computational Approach},
publisher={Oxford Univ. Press},
address={New York},
year={2021}
}

@misc{Tomisawa,
author={Norio Tomisawa},
title={Tone production method for an electronic musical instrument},
note={US Patent 4249447A},
year={1979},
}


@book{Summit,
author={{Novation}},
title={Summit Synthesizer Manual},
publisher={Novation Digital Music Systems},
address={High Wycombe, UK},
year={2019}
}


@ARTICLE{MoorerIEEE,
author={Moorer, J.A.},
journal={Proceedings of the {IEEE}},
title={Signal processing aspects of computer music: A survey},
year={1977},
volume={65},
number={8},
pages={1108--1137}
}

@book{Moore:1990,
 author = {Moore, F. Richard},
 title = {Elements of Computer Music},
 year = {1990},
 isbn = {0-13-252552-6},
 publisher = {Prentice-Hall, Inc.},
 address = {Upper Saddle River, NJ, USA},
}

@book{Watson,
author={G. Watson},
title={A Treatise of the Theory of Bessel Functions},
publisher={Cambridge Univ. Press},
address={Cambridge},
year={1944}
}


@article{Hutchins,
author={B. Hutchins},
journal={Electronotes},
title={A Voltage-Controlled Oscillator with Through-zero Capability},
year={1981},
volume={13},
number={129},
pages={3-12}
}

@article{HutchinsOsc,
author={B. Hutchins},
journal={Electronotes},
title={Simple Triangle-Square Oscillation},
year={1977},
volume={{AN}},
number={67},
pages={1-2}
}


@book{Lazzarini2017,
  title={Computer Music Instruments},
  author={Lazzarini, V.},
  year={2017},
  publisher={Springer},
  address={Berlin}
}

@misc{VCO,
author={Mitchell, R.},
title={{DIY} Synth Series Part 1 -- The Exponential {VCO}},
year={2016},
note={\url{https://www.allaboutcircuits.com/projects/diy-synth-series-vco}}
}

@misc{Novation,
author={{Novation}},
title={User Guide - {Summit}},
year={2021},
note={\url{https://novationmusic.com/en/synths/summit}}
}

@misc{UDO,
author={{UDO}},
title={Super 6: 12-Voice Polyphonic Binaural Analog-Hybrid Synthesizer with Super Wave Technology},
year={2021},
note={\url{https://www.udo-audio.com/media/tech-specs/S6_TECH-SPEC.pdf}}
}

@book{FMTheory,
title={FM Theory and Applications},
author={John Chowning and David Bristow},
year={1986},
publisher={Yamaha Music Foundation},
address={Tokyo, Japan}
}


@book{Chamberlin,
title={Musical Applications of Microprocessors},
author={Chamberlin, H.},
year={1985},
publisher={Hayden Books},
address={Indianapolis, IA}
}




@article{LebrunWaveshaping,
 author = {Marc LeBrun},
 journal = {Journal of the Audio Engineering Society},
 number = {4},
 volume={27},
 pages = {250--266},
 title = {Digital Waveshaping Synthesis},
 year = {1979}
}


@article{LazzariniADFM,
     jstor_articletype = {research-article},
     title = {The Generation of Natural-Synthetic Spectra by Means of Adaptive Frequency Modulation},
     author = {Lazzarini, Victor and Timoney, Joseph and Lysaght, Thomas},
     journal = {Computer Music Journal},
     jstor_issuetitle = {Digital Audio Effects},
     volume = {32},
     number = {2},
     jstor_formatteddate = {Summer, 2008},
     pages = {9--22},
     ISSN = {01489267},
     abstract = {},
     language = {English},
     year = {2008},
     publisher = {The MIT Press},
     copyright = {Copyright 2008 The MIT Press},
    }
    
 @inproceedings{TimoneyEFM,
author={J. Timoney and V. Lazzarini},
title={Exponential {FM} bandwidth criterion for virtual analogue applications},
booktitle={Proceedings of the 14th Conference on Digital Audio Effects},
address={Paris},
publisher={DAFX},
year={2009},
pages={115-118}
}

 @inproceedings{Nielsen,
author={K. Nielsen},
title={Practical linear and exponential
frequency modulation for digital music synthesis},
booktitle={Proceedings of the 23rd Conference on Digital Audio Effects},
address={Vienna},
year={2020},
publisher={DAFX},
pages={133-139}
}
   

@article{HutchinsXFM,
author={B. Hutchins},
journal={Journal of the Audio Engineering Society},
title={The Frequency Modulation Spectrum of an Exponential Voltage-Controlled Oscillator},
year={1975},
volume={23},
number={3},
pages={200-207}
}


@inproceedings{LazzariniPD,
author={Joseph Timoney and Victor Lazzarini and Jussi Pekonen and Vesa Valimaki},
title={Adaptive Phase Distortion Synthesis},
booktitle={Proceedings of the 12th Conference on Digital Audio Effects},
address={Como, Italy},
publisher={DAFX},
year={2011},
pages={1-8}
}


@article{lazzarini2010theory,
author={Lazzarini, Victor and Timoney, Joseph},
journal={Journal of the Audio Engineering Society},
title={Theory and practice of modified frequency modulation synthesis},
year={2010},
volume={58},
number={6},
pages={459-471}
}

@article{lazzarini2008nonlinear,
author={Lazzarini, Victor and Timoney, Joseph and Lysaght, Thomas},
journal={Journal of the Audio Engineering Society},
title={Nonlinear distortion synthesis using the split-sideband method, with applications to adaptive signal processing},
year={2008},
volume={56},
number={9},
pages={684-695}
}


@incollection{Timoney2020,
author={J. Timoney and V. Lazzarini and D. Keller},
title={{DIY} electronics for ubiquitous music ecosystems},
booktitle= {Ubiquitous Music Ecologies},
editor={V. Lazzarini and D. Keller and N. Otero and L. Turchet},
publisher={Routledge},
address={London},
year={2020},
pages={52-70}
}

@incollection{LazzariniTimoney2020,
author={ V. Lazzarini and J. Timoney},
title={The analogue computer as a musical instrument},
booktitle= {Ubiquitous Music Ecologies},
editor={V. Lazzarini and D. Keller and N. Otero and L. Turchet},
publisher={Routledge},
address={London},
year={2020},
pages={212-234}
}


@book{Lazzarini2021,
author={Lazzarini, V.},
title={Spectral Music Design: A Computational Approach},
publisher={Oxford Univ. Press},
address={New York},
year=2021
}

@article{Carlson,
  Author         = "J Carson",
  Title          = {Notes on the theory of modulation},
  Journal        = "Proceedings Institute of Radio Engineers",
  Volume         = "10",
  number = {1},
  Pages          = "57-64",
  year           = 1922
}

@ARTICLE{Bloch,
  author={A. {Bloch}},
  journal={Journal of the Institution of Electrical Engineers - Part I: General}, 
  title={Modulation theory}, 
  year={1944},
  volume={91},
  number={45},
  pages={368-370}}
  
 @ARTICLE{ChowningFM,
author={Chowning, J.},
journal={Journal of the Audio Engineering Society},
title={The Synthesis of Complex Audio Spectra by Means of Frequency Modulation},
year={1973},
volume={21},
number={7},
pages={527--534}
}

@ARTICLE{Corrington,
  author={M. S. {Corrington}},
  journal={Proceedings of the IRE}, 
  title={Variation of Bandwidth with Modulation Index in Frequency Modulation}, 
  year={1947},
  volume={35},
  number={10},
  pages={1013-1020},}
  
  @article{LebrunFM,
 author = {Marc LeBrun},
 journal = {Computer Music Journal},
 number = {4},
 pages = {51--52},
 title = {A Derivation of the Spectrum of FM with a Complex Modulating Wave},
 volume = {1},
 year = {1977}
}